<?xml version="1.0" encoding="UTF-8"?><collection xmlns="http://www.loc.gov/MARC21/slim"><record><leader>00497nam--2200181-i-4500</leader><controlfield tag="001">000011255</controlfield><controlfield tag="002">20161230</controlfield><controlfield tag="005">20170121212954</controlfield><controlfield tag="008">060222s1000------------r-----000-0-eng-d</controlfield><datafield ind1=" " ind2=" " tag="080"><subfield code="a">539.17(047)(47)(57)</subfield></datafield><datafield ind1=" " ind2=" " tag="100"><subfield code="a">Grigoriyan, Yu. I</subfield></datafield><datafield ind1=" " ind2=" " tag="245"><subfield code="a">Activites on collection, evaluation and dissemination of non-neutron nuclear data in the USSR</subfield></datafield><datafield ind1=" " ind2=" " tag="260"><subfield code="a">Viena</subfield><subfield code="b">I.A.E.A</subfield><subfield code="c">1976</subfield></datafield><datafield ind1=" " ind2=" " tag="300"><subfield code="a">10 p</subfield></datafield><datafield ind1=" " ind2=" " tag="490"><subfield code="a">79</subfield></datafield><datafield ind1=" " ind2=" " tag="700"><subfield code="a">Chukreev, F. E</subfield></datafield><datafield ind1=" " ind2=" " tag="852"><subfield code="a">51276</subfield></datafield><datafield ind1=" " ind2=" " tag="CAT"><subfield code="a">SYS</subfield><subfield code="c">20170121</subfield><subfield code="h">212954</subfield></datafield></record></collection>